
@online{getopt,
    author = "Michael Kerrisk",
    title = "Linux Programmer's Manual GETOPT(3)",
    url  = "https://man7.org/linux/man-pages/man3/getopt.3.html",
    keywords = "getopt,command line parsing"
}
@online{rfc,
    author = "G. Klyne and C. Newman",
    title = "Date and Time on the Internet: Timestamps",
    url  = "https://tools.ietf.org/html/rfc3339",
    keywords = "rfc3339,intertet timestamps"
}
@online{wireshark,
    title = "Wireshark",
    url  = "https://www.wireshark.org/",
    keywords = "wireshark,packet sniffer"
}

@online{tcpdump,
	title = "Tcpdump",
	url = "https://www.tcpdump.org/",
	keywords = "tcpdump,libcap"
}

@online{ip6,
	title = "IPv6 header format",
	url = "https://en.wikipedia.org/wiki/IPv6_packet",
	keywords = "ipv6 header format"
}

@online{filter,
	title = "Filter-tcpdump",
	url = "https://www.tcpdump.org/manpages/pcap-filter.7.html",
	keywords = "tcpdump filter"
}

@online{prg,
	author = "Tim Carstens",
	title = "Programing with pcap",
	url = "https://www.tcpdump.org/pcap.html",
	keywords = "packet sniffing"
}

@online{sniff,
	author = "Luis MartinGarcia",
	title = "Programming with Libpcap - Sniffing the network from our own application",
	url = "http://recursos.aldabaknocking.com/libpcapHakin9LuisMartinGarcia.pdf",
	keywords = "packet sniffing"
}

@online{arp,
	author = "David C. Plummer",
	title = "An Ethernet Address Resolution Protocol",
	url = "https://tools.ietf.org/html/rfc826",
	keywords = "RFC 826"
}

